@article{he2021applications,
  title={Applications of deep learning techniques for pedestrian detection in smart environments: a comprehensive study},
  author={He, Fen and Karami Olia, Paria and Jamili Oskouei, Rozita and Hosseini, Morteza and Peng, Zhihao and BaniRostam, Touraj},
  journal={Journal of advanced transportation},
  volume={2021},
  year={2021},
  publisher={Hindawi}
}
@article{brunetti2018computer,
  title={Computer vision and deep learning techniques for pedestrian detection and tracking: A survey},
  author={Brunetti, Antonio and Buongiorno, Domenico and Trotta, Gianpaolo Francesco and Bevilacqua, Vitoantonio},
  journal={Neurocomputing},
  volume={300},
  pages={17--33},
  year={2018},
  publisher={Elsevier}
}
@inproceedings{ouyang2013joint,
  title={Joint deep learning for pedestrian detection},
  author={Ouyang, Wanli and Wang, Xiaogang},
  booktitle={Proceedings of the IEEE international conference on computer vision},
  pages={2056--2063},
  year={2013}
}
@inproceedings{du2017fused,
  title={Fused DNN: A deep neural network fusion approach to fast and robust pedestrian detection},
  author={Du, Xianzhi and El-Khamy, Mostafa and Lee, Jungwon and Davis, Larry},
  booktitle={2017 IEEE winter conference on applications of computer vision (WACV)},
  pages={953--961},
  year={2017},
  organization={IEEE}
}
@inproceedings{zhang2022bytetrack,
  title={Bytetrack: Multi-object tracking by associating every detection box},
  author={Zhang, Yifu and Sun, Peize and Jiang, Yi and Yu, Dongdong and Weng, Fucheng and Yuan, Zehuan and Luo, Ping and Liu, Wenyu and Wang, Xinggang},
  booktitle={European Conference on Computer Vision},
  pages={1--21},
  year={2022},
  organization={Springer}
}
@article{dominguez2017pedestrian,
  title={Pedestrian movement direction recognition using convolutional neural networks},
  author={Dominguez-Sanchez, Alex and Cazorla, Miguel and Orts-Escolano, Sergio},
  journal={IEEE transactions on intelligent transportation systems},
  volume={18},
  number={12},
  pages={3540--3548},
  year={2017},
  publisher={IEEE}
}
@article{tian2021review,
  title={A review of intelligent driving pedestrian detection based on deep learning},
  author={Tian, Di and Han, Yi and Wang, Biyao and Guan, Tian and Wei, Wei},
  journal={Computational intelligence and neuroscience},
  volume={2021},
  year={2021},
  publisher={Hindawi}
}
@article{luo2022g,
  title={G-YOLOX: A Lightweight Network for Detecting Vehicle Types},
  author={Luo, Qiang and Wang, Junfan and Gao, Mingyu and Lin, Huipin and Zhou, Hongtao and Miao, Qiheng},
  journal={Journal of Sensors},
  volume={2022},
  year={2022},
  publisher={Hindawi}
}
@article{li2019deep,
  title={Deep learning approaches on pedestrian detection in hazy weather},
  author={Li, Guofa and Yang, Yifan and Qu, Xingda},
  journal={IEEE Transactions on Industrial Electronics},
  volume={67},
  number={10},
  pages={8889--8899},
  year={2019},
  publisher={IEEE}
}

@inproceedings{kohli2019enabling,
  title={Enabling pedestrian safety using computer vision techniques: A case study of the 2018 uber inc. self-driving car crash},
  author={Kohli, Puneet and Chadha, Anjali},
  booktitle={Future of Information and Communication Conference},
  pages={261--279},
  year={2019},
  organization={Springer}
}